
@inproceedings{SIFT/Harris,
 author = {K. Peng, X. Chen, D. Zhou, and Y. Liu},
 title = {3D Reconstruction Based on SIFT and Harris Feature Points},
 booktitle = {IEEE Internal Conference on Robotics and Biometrics),
 year = 2009,
}

@inproceedings{Corners,
 author = {C. Harris and M. Stephens},
 title = {A Combined Corner and Edge Detector},
 booktitle = {Alvey Vision Conference},
 year = {1998},
 pages = {147--151},
}

@inproceedings{Calibration,
 author = {Z. Zhang},
 title = {A Flexible Camera Calibration by Viewing a Plane from Unknown Orientations},
 booktitle = {International Conference on Computer Vision),
 year = 1999,
 pages = {666-673},
}

@article{Geometry,
author = {R. Hartley and A. Zisserman},
title = {Multiple View Geometry in Computer Vision},
publisher = {Cambridge University Press},
year = 2000
}

@article{SIFT,
 author = {D. Lowe},
 title = {Distinctive Image Features from Scale-Invariant Interest Points},
 journal = {International Journal of Computer Vision},
 volume = 60, 
 number = 2, 
 pages = {91--110}, 
 year = 2004
}
